

@article{classic_nintendo_2012,
	title = {Classic Nintendo Games are (Computationally) Hard},
	url = {https://arxiv.org/abs/1203.1895},
	author = {Aloupis, Greg and Demaine, Erik D. and Guo, Alan and Viglietta, Giovanni},
	month = mar,
	year = {2012},
	pages = {36}
}

@article{resource_constrained_2008,
	title = {Resource-Constrained Project Scheduling: Models, Algorithms, Extensions and Applications},
	author = {Artigues, C. and Demassey, S. and Néron, E.},
	year = {2008},
	pages = {21-25}
}

@article{realtime_strategy_2013,
	title = {Real-Time Strategy Game Training: Emergence of a Cognitive Flexibility Trait},
	url = {https://www.ncbi.nlm.nih.gov/pmc/articles/PMC3737212/},
	author = {Glass, B. D. and Maddox, W. T. and Love, B. C.},
	doi = {10.1371/journal.pone.0070350},
	month = aug,
	year = {2013},
}

@article{continual_online_2017,
	title = {Continual online evolutionary planning for in-game build order adaptation in starcraft},
	url = {https://www-scopus-com.ezproxy.usach.cl/record/display.uri?eid=2-s2.0-85026384177&origin=resultslist&sort=plf-f&src=s&st1=Continual+online+evolutionary+planning+for+in-game+build+order+adaptation+in+starcraft&st2=&sid=8c847032da5b9cd1a2c5e3b88e168410&sot=},
	author = {Justesen, N. and Risi, S.},
	month = jul,
	year = {2017},
}

@article{multi_objective_2013,
	title = {A Multi-objective Genetic Algorithm for Build Order Optimization in StarCraft II},
	url = {https://link-springer-com.ezproxy.usach.cl/article/10.1007/s13218-013-0263-2},
	author = {Köstler, H. and Gmeiner, B.},
	month = jun,
	year = {2013},
}

@article{media_technologies_2013,
	title = {Media technologies and learning in the starcraft esport community},
	url = {https://dl.acm.org/doi/10.1145/2441776.2441821},
	author = {Kow, Y. and Young, T.},
	month = feb,
	year = {2013},
}

@article{schools_starcraft_2012,
	title = {Schools Are Using Starcraft 2 as Serious Education Tools},
	url = {https://www.gamification.co/2012/12/04/schools-using-starcraft-2-as-education-tools/},
	author = {Kuo, I.},
	month = dec,
	year = {2012},
}

@article{prediction_early_2012,
	title = {Prediction of early stage opponents strategy for StarCraft AI using scouting and machine learning},
	url = {https://dl.acm.org/doi/10.1145/2425296.2425298},
	author = {Park, H. and Lee, K. and Cho, H.-C. and Kim, K.-J.},
	month = nov,
	year = {2012},
}

@article{aproximacion_heuristica_2014,
	title = {Una aproximación a la heuristica y metaheuristicas},
	url = {https://core.ac.uk/display/236383515?recSetID=},
	author = {Suarez, O.},
	year = {2014},
}

@article{multiobjective_exploration_2012,
	title = {Multiobjective exploration of the StarCraft map space},
	url = {https://ieeexplore-ieee-org.ezproxy.usach.cl/document/5593346},
	author = {Togelius, J. and Preuss, M. and Beume, N. and Wessing, S. and Hagelbäck, J. and Yannakakis, G.},
	month = aug,
	year = {2010},
}

@article{grandmaster_level_2019,
	title = {Grandmaster level in StarCraft II using multi-agent reinforcement learning},
	url = {https://www-nature-com.ezproxy.usach.cl/articles/s41586-019-1724-z},
	author = {Vinyals, O. and Babuschkin, I. and Czarnecki, W. and Mathieu, M. and Dudzik, A. and Chung, J. and Agapiou, J.},
	month = oct,
	year = {2019},
}

@article{comparison_phylogenetic_2020,
	title = {Comparison of phylogenetic tree topologies for nitrogen associated genes partially reconstruct the evolutionary history of saccharomyces cerevisiae},
	url = {https://www.mdpi.com/2076-2607/8/1/32},
	author = {Villalobos-Cid, M. and Salinas, F. and Kessi-Pérez, E. and Inostroza-Ponta, M. and Martínez, C. and De Chiara, M. and Martínez, C.},
	month = jan,
	year = {2020},
}

@article{team_recommendation_2020,
	title = {Team Recommendation Using Order-Based Fuzzy Integral and NSGA-II in StarCraft},
	url = {https://ieeexplore-ieee-org.ezproxy.usach.cl/document/9044841},
	author = {Wang, L. and Zeng, Y. and Chen, B. and Pan, Y. and Cao, L.},
	month = mar,
	year = {2020},
}

@article{datadriven_approach_2019,
	title = {A Data-driven Approach to Solve a Production Constrained Build-order Optimization Problem.},
	url = {https://ieeexplore.ieee.org/document/8866045},
	author = {Wang, P. and Zeng, Y. and Chen, B. and Cao, L.},
	year = {2019},
}

@article{metaheuristics_design_2009,
	title = {Metaheuristics: From Design to Implementation.},
	url = {https://onlinelibrary-wiley-com.ezproxy.usach.cl/doi/book/10.1002/9780470496916},
	author = {Young, T.},
	month = jun,
	year = {2009},
}

@misc{scientifically_measuring_2010,
	type = {Enciclopedia {Web}},
	title = {Scientifically Measuring Mining Speed},
	url = {https://tl.net/forum/sc2-strategy/140055-scientifically-measuring-mining-speed},
	urldate = {2021-09-06},
	author = {{PiousFlea}},
	month = aug,
	year = {2010}
}